<?xml version="1.0" encoding="UTF-8"?><collection xmlns="http://www.loc.gov/MARC21/slim"><record><leader>00616nam--2200217-u-4500</leader><controlfield tag="001">000050415</controlfield><controlfield tag="002">20161230</controlfield><controlfield tag="003">81816</controlfield><controlfield tag="005">20161230201048</controlfield><controlfield tag="008">070314s1000------------r-----000-0-eng-d</controlfield><datafield ind1=" " ind2=" " tag="020"><subfield code="a">1-4020-0932-1</subfield></datafield><datafield ind1=" " ind2=" " tag="040"><subfield code="a">IFIN-HH</subfield></datafield><datafield ind1=" " ind2=" " tag="041"><subfield code="a">eng</subfield></datafield><datafield ind1="1" ind2=" " tag="100"><subfield code="a">Muynck, Willem M. de</subfield></datafield><datafield ind1="1" ind2="0" tag="245"><subfield code="a">Foundations of Quantum Mechanics, an Empiricist Approach</subfield><subfield code="c">Willem M. de Muynck</subfield></datafield><datafield ind1=" " ind2=" " tag="260"><subfield code="a">Dordrecht</subfield><subfield code="b">Kluwer Academic Publishers</subfield><subfield code="c">2002</subfield></datafield><datafield ind1=" " ind2=" " tag="300"><subfield code="a">680 p</subfield></datafield><datafield ind1=" " ind2=" " tag="490"><subfield code="a">Fundamental Theories of Physics</subfield></datafield><datafield ind1=" " ind2="4" tag="650"><subfield code="a">Generalized Quantum Mechanics</subfield></datafield><datafield ind1=" " ind2=" " tag="852"><subfield code="a">81816</subfield><subfield code="c">530.14</subfield></datafield><datafield ind1=" " ind2=" " tag="CAT"><subfield code="a">Sys</subfield><subfield code="c">20110328</subfield><subfield code="h">120744</subfield></datafield></record></collection>